% Belle 2 TDR
@article{Abe:2010sj,
      author         = "Abe, T.",
      title          = "{Belle II Technical Design Report}",
      collaboration  = "Belle II Collaboration",
      year           = "2010",
      eprint         = "1011.0352",
      archivePrefix  = "arXiv",
      primaryClass   = "physics.ins-det",
      reportNumber   = "KEK-REPORT-2010-1",
      SLACcitation   = "%%CITATION = ARXIV:1011.0352;%%",
}

% Belle 2 Physics paper
@article{Aushev:2010bq,
      author         = "Aushev, T. and Bartel, W. and Bondar, A. and Brodzicka,
                        J. and Browder, T.E. and others",
      title          = "{Physics at Super B Factory}",
      year           = "2010",
      eprint         = "1002.5012",
      archivePrefix  = "arXiv",
      primaryClass   = "hep-ex",
      reportNumber   = "KEK-REPORT-2009-12",
      SLACcitation   = "%%CITATION = ARXIV:1002.5012;%%",
}

% Geant 4
@article{Agostinelli:2002hh,
      author         = "Agostinelli, S. and others",
      title          = "{GEANT4: A Simulation toolkit}",
      collaboration  = "GEANT4",
      journal        = "Nucl.Instrum.Meth.",
      volume         = "A506",
      pages          = "250-303",
      doi            = "10.1016/S0168-9002(03)01368-8",
      year           = "2003",
      reportNumber   = "SLAC-PUB-9350, FERMILAB-PUB-03-339",
      SLACcitation   = "%%CITATION = NUIMA,A506,250;%%",
}